[gd_scene load_steps=6 format=2]

[ext_resource path="res://assets/ui/theme_default.tres" type="Theme" id=1]
[ext_resource path="res://scripts/init_setup.gd" type="Script" id=2]
[ext_resource path="res://assets/fonts/Ubuntu-Italic.ttf" type="DynamicFontData" id=3]
[ext_resource path="res://assets/fonts/android_default_dynamicfont.tres" type="DynamicFont" id=4]

[sub_resource type="DynamicFont" id=1]
size = 32
font_data = ExtResource( 3 )

[node name="InitSetupAndroid" type="Control"]
anchor_right = 1.0
anchor_bottom = 1.0
theme = ExtResource( 1 )
script = ExtResource( 2 )
__meta__ = {
"_edit_use_anchors_": false
}

[node name="BackgroundColor" type="ColorRect" parent="."]
margin_right = 1280.0
margin_bottom = 720.0
color = Color( 0, 0, 0, 1 )
__meta__ = {
"_edit_use_anchors_": false
}

[node name="MapList" type="ItemList" parent="."]
margin_left = 352.0
margin_top = 96.0
margin_right = 608.0
margin_bottom = 576.0
custom_fonts/font = ExtResource( 4 )
__meta__ = {
"_edit_use_anchors_": false
}

[node name="LabelPort" type="Label" parent="."]
margin_left = 672.0
margin_top = 96.0
margin_right = 851.0
margin_bottom = 144.0
custom_fonts/font = ExtResource( 4 )
text = "Server Port:"
__meta__ = {
"_edit_use_anchors_": false
}

[node name="InputPort" type="LineEdit" parent="LabelPort"]
margin_top = 64.0
margin_right = 192.0
margin_bottom = 112.0
custom_fonts/font = ExtResource( 4 )
align = 1
max_length = 5
__meta__ = {
"_edit_use_anchors_": false
}

[node name="LabelMaxPlayer" type="Label" parent="."]
margin_left = 672.0
margin_top = 240.0
margin_right = 847.0
margin_bottom = 288.0
custom_fonts/font = ExtResource( 4 )
text = "Max Player:"
__meta__ = {
"_edit_use_anchors_": false
}

[node name="InputMaxPlayer" type="LineEdit" parent="LabelMaxPlayer"]
margin_top = 64.0
margin_right = 192.0
margin_bottom = 112.0
custom_fonts/font = ExtResource( 4 )
text = "02"
align = 1
max_length = 2
__meta__ = {
"_edit_use_anchors_": false
}

[node name="LabelDamageMultiplier" type="Label" parent="."]
margin_left = 672.0
margin_top = 384.0
margin_right = 959.0
margin_bottom = 432.0
custom_fonts/font = ExtResource( 4 )
text = "Damage Multiplier:"
__meta__ = {
"_edit_use_anchors_": false
}

[node name="InputDamageMultiplier" type="LineEdit" parent="LabelDamageMultiplier"]
margin_top = 64.0
margin_right = 192.0
margin_bottom = 112.0
custom_fonts/font = ExtResource( 4 )
align = 1
max_length = 4
__meta__ = {
"_edit_use_anchors_": false
}

[node name="EnableUPnP" type="CheckBox" parent="."]
margin_left = 672.0
margin_top = 528.0
margin_right = 928.0
margin_bottom = 576.0
custom_fonts/font = ExtResource( 4 )
disabled = true
text = "UPnP"
__meta__ = {
"_edit_use_anchors_": false
}

[node name="ButtonStart" type="Button" parent="."]
margin_left = 544.0
margin_top = 608.0
margin_right = 736.0
margin_bottom = 656.0
custom_fonts/font = ExtResource( 4 )
disabled = true
text = "Start"

[node name="LabelNotification" type="Label" parent="."]
margin_left = 16.0
margin_top = 672.0
margin_right = 1264.0
margin_bottom = 717.0
custom_fonts/font = SubResource( 1 )
text = "# NOTIFICATION LABEL"
align = 2
__meta__ = {
"_edit_use_anchors_": false
}
[connection signal="item_selected" from="MapList" to="." method="_on_MapList_item_selected"]
[connection signal="text_changed" from="LabelPort/InputPort" to="." method="_on_InputPort_text_changed"]
[connection signal="text_changed" from="LabelMaxPlayer/InputMaxPlayer" to="." method="_on_InputMaxPlayer_text_changed"]
[connection signal="text_changed" from="LabelDamageMultiplier/InputDamageMultiplier" to="." method="_on_InputDamageMultiplier_text_changed"]
[connection signal="button_down" from="ButtonStart" to="." method="_on_ButtonStart_button_down"]
